@article{Figueredo:2009dg,
   author = {Figueredo, A.~J. and Wolf, P. S.~A.},
   title = {Assortative pairing and life history strategy - a cross-cultural study.},
   journal = {Human Nature},
   volume = {20},
   pages = {317-330},
   year = {2009}
}

@article{mercer1985effect,
  title={Effect of obesity on esophageal transit},
  author={Mercer, C Dale and Rue, C and Hanelin, L and Hill, LD},
  journal={Am J Surg},
  volume={149},
  number={1},
  pages={177--181},
  year={1985},
  publisher={Elsevier}
}

@book{Sutton1999Reinforcement,
  author = {Sutton, Richard S. and Barto, Andrew G.},
  isbn = {9780262193986},
  publisher = {MIT Press},
  title = {Reinforcement learning : an introduction},
  url = {http://www.worldcat.org/isbn/9780262193986},
  year = {1999}
}

@misc{Xithalis2011Hermes,
  author = {Xithalis, Christos},
  title = {Hermes Network Simulator},
  url = {http://students.ceid.upatras.gr/~xithalis/simulation_en.html},
  year = {2011}
}